<?xml version="1.0" encoding="UTF-8"?>
<record xmlns="http://www.loc.gov/MARC21/slim">
  <leader>     cas a22        4500</leader>
  <controlfield tag="001">898111358</controlfield>
  <controlfield tag="003">DE-627</controlfield>
  <controlfield tag="005">20191128144746.0</controlfield>
  <controlfield tag="007">cr uuu---uuuuu</controlfield>
  <controlfield tag="008">170918c20079999xx f| p|o    |0   |0eng c</controlfield>
  <datafield tag="016" ind1="7" ind2=" ">
    <subfield code="a">1139979000</subfield>
    <subfield code="2">DE-101</subfield>
  </datafield>
  <datafield tag="016" ind1="7" ind2=" ">
    <subfield code="a">2905796-6</subfield>
    <subfield code="2">DE-600</subfield>
  </datafield>
  <datafield tag="022" ind1=" " ind2=" ">
    <subfield code="a">2546-213X</subfield>
  </datafield>
  <datafield tag="024" ind1="7" ind2=" ">
    <subfield code="a">11159/2794</subfield>
    <subfield code="2">hdl</subfield>
  </datafield>
  <datafield tag="035" ind1=" " ind2=" ">
    <subfield code="a">(DE-627)898111358</subfield>
  </datafield>
  <datafield tag="035" ind1=" " ind2=" ">
    <subfield code="a">(DE-576)493563148</subfield>
  </datafield>
  <datafield tag="035" ind1=" " ind2=" ">
    <subfield code="a">(DE-599)ZDB2905796-6</subfield>
  </datafield>
  <datafield tag="035" ind1=" " ind2=" ">
    <subfield code="a">(OCoLC)1004220052</subfield>
  </datafield>
  <datafield tag="035" ind1=" " ind2=" ">
    <subfield code="a">(OCoLC)1004335905</subfield>
  </datafield>
  <datafield tag="035" ind1=" " ind2=" ">
    <subfield code="a">(DE-101)1139979000</subfield>
  </datafield>
  <datafield tag="040" ind1=" " ind2=" ">
    <subfield code="a">DE-627</subfield>
    <subfield code="b">ger</subfield>
    <subfield code="c">DE-627</subfield>
    <subfield code="e">rda</subfield>
  </datafield>
  <datafield tag="041" ind1=" " ind2=" ">
    <subfield code="a">eng</subfield>
  </datafield>
  <datafield tag="044" ind1=" " ind2=" ">
    <subfield code="c">XC-TZ</subfield>
  </datafield>
  <datafield tag="082" ind1="0" ind2="4">
    <subfield code="a">650</subfield>
    <subfield code="q">DE-600</subfield>
  </datafield>
  <datafield tag="084" ind1=" " ind2=" ">
    <subfield code="a">BIZ-00001</subfield>
    <subfield code="2">SKW</subfield>
  </datafield>
  <datafield tag="245" ind1="1" ind2="0">
    <subfield code="a">Business management review</subfield>
    <subfield code="b">journal of the University of Dar es Salaam Business School</subfield>
  </datafield>
  <datafield tag="246" ind1="1" ind2=" ">
    <subfield code="i">Abweichender Titel</subfield>
    <subfield code="a">BMR</subfield>
  </datafield>
  <datafield tag="264" ind1="3" ind2="1">
    <subfield code="a">Dar es Salaam</subfield>
    <subfield code="b">University of Dar es Salaam Business School</subfield>
    <subfield code="c">[2007?]-</subfield>
  </datafield>
  <datafield tag="300" ind1=" " ind2=" ">
    <subfield code="a">Online-Ressource</subfield>
  </datafield>
  <datafield tag="336" ind1=" " ind2=" ">
    <subfield code="a">Text</subfield>
    <subfield code="b">txt</subfield>
    <subfield code="2">rdacontent</subfield>
  </datafield>
  <datafield tag="337" ind1=" " ind2=" ">
    <subfield code="a">Computermedien</subfield>
    <subfield code="b">c</subfield>
    <subfield code="2">rdamedia</subfield>
  </datafield>
  <datafield tag="338" ind1=" " ind2=" ">
    <subfield code="a">Online-Ressource</subfield>
    <subfield code="b">cr</subfield>
    <subfield code="2">rdacarrier</subfield>
  </datafield>
  <datafield tag="362" ind1="0" ind2=" ">
    <subfield code="a">Vol 11, no 1 (January/June 2007)-</subfield>
  </datafield>
  <datafield tag="363" ind1="0" ind2="1">
    <subfield code="a">11</subfield>
    <subfield code="i">2007</subfield>
  </datafield>
  <datafield tag="650" ind1=" " ind2="7">
    <subfield code="8">1.1\x</subfield>
    <subfield code="a">Betriebswirtschaftslehre</subfield>
    <subfield code="0">(DE-627)091351391</subfield>
    <subfield code="0">(DE-STW)12041-5</subfield>
    <subfield code="2">stw</subfield>
  </datafield>
  <datafield tag="650" ind1=" " ind2="7">
    <subfield code="8">1.2\x</subfield>
    <subfield code="a">Afrika</subfield>
    <subfield code="0">(DE-627)091345790</subfield>
    <subfield code="0">(DE-STW)17642-3</subfield>
    <subfield code="2">stw</subfield>
  </datafield>
  <datafield tag="655" ind1=" " ind2="7">
    <subfield code="a">Zeitschrift</subfield>
    <subfield code="0">(DE-588)4067488-5</subfield>
    <subfield code="0">(DE-627)10454466X</subfield>
    <subfield code="0">(DE-576)20917000X</subfield>
    <subfield code="2">gnd-content</subfield>
  </datafield>
  <datafield tag="710" ind1="2" ind2=" ">
    <subfield code="a">University of Dar es Salaam</subfield>
    <subfield code="b">Business School</subfield>
    <subfield code="e">Herausgebendes Organ</subfield>
    <subfield code="0">(DE-588)1139978780</subfield>
    <subfield code="0">(DE-627)898110904</subfield>
    <subfield code="0">(DE-576)493562745</subfield>
    <subfield code="4">isb</subfield>
  </datafield>
  <datafield tag="776" ind1="1" ind2=" ">
    <subfield code="x">0856-2253</subfield>
  </datafield>
  <datafield tag="856" ind1="4" ind2="0">
    <subfield code="u">http://journals.udsm.ac.tz/index.php/bmr/index</subfield>
    <subfield code="x">Verlag</subfield>
    <subfield code="z">Kostenfrei</subfield>
  </datafield>
  <datafield tag="856" ind1="4" ind2="0">
    <subfield code="u">http://zbw.eu/econis-archiv/handle/11159/2794</subfield>
    <subfield code="x">C ; 19.2016 -</subfield>
    <subfield code="z">Kostenfrei</subfield>
  </datafield>
  <datafield tag="856" ind1="4" ind2="0">
    <subfield code="u">http://www.bibliothek.uni-regensburg.de/ezeit/?2905796</subfield>
    <subfield code="x">Frontdoor-Url</subfield>
  </datafield>
  <datafield tag="856" ind1="4" ind2="0">
    <subfield code="u">https://hdl.handle.net/11159/2794</subfield>
    <subfield code="x">Resolving-System</subfield>
  </datafield>
  <datafield tag="924" ind1="1" ind2=" ">
    <subfield code="a">1713266113</subfield>
    <subfield code="b">DE-84</subfield>
    <subfield code="9">84</subfield>
    <subfield code="c">GBV</subfield>
    <subfield code="d">d</subfield>
  </datafield>
  <datafield tag="924" ind1="1" ind2=" ">
    <subfield code="a">1713262746</subfield>
    <subfield code="b">DE-18</subfield>
    <subfield code="9">18</subfield>
    <subfield code="c">GBV</subfield>
    <subfield code="d">d</subfield>
  </datafield>
  <datafield tag="924" ind1="1" ind2=" ">
    <subfield code="a">1713266849</subfield>
    <subfield code="b">DE-830</subfield>
    <subfield code="9">830</subfield>
    <subfield code="c">GBV</subfield>
    <subfield code="d">d</subfield>
  </datafield>
  <datafield tag="924" ind1="1" ind2=" ">
    <subfield code="a">1713268752</subfield>
    <subfield code="b">DE-8</subfield>
    <subfield code="9">8</subfield>
    <subfield code="c">GBV</subfield>
    <subfield code="d">d</subfield>
  </datafield>
  <datafield tag="924" ind1="1" ind2=" ">
    <subfield code="a">1712759949</subfield>
    <subfield code="b">DE-206</subfield>
    <subfield code="9">206</subfield>
    <subfield code="c">GBV</subfield>
    <subfield code="g">ZSP 296</subfield>
    <subfield code="h">H:</subfield>
    <subfield code="k">http://www.bibliothek.uni-regensburg.de/ezeit/?2905796</subfield>
  </datafield>
  <datafield tag="924" ind1="1" ind2=" ">
    <subfield code="a">1712759957</subfield>
    <subfield code="b">DE-206</subfield>
    <subfield code="9">206</subfield>
    <subfield code="c">GBV</subfield>
    <subfield code="d">d</subfield>
  </datafield>
  <datafield tag="924" ind1="1" ind2=" ">
    <subfield code="a">1715316576</subfield>
    <subfield code="b">DE-104</subfield>
    <subfield code="9">104</subfield>
    <subfield code="c">GBV</subfield>
    <subfield code="d">d</subfield>
    <subfield code="k">http://www.bibliothek.uni-regensburg.de/ezeit/?2905796&amp;bibid=UBCL</subfield>
  </datafield>
  <datafield tag="924" ind1="1" ind2=" ">
    <subfield code="a">1713264242</subfield>
    <subfield code="b">DE-27</subfield>
    <subfield code="9">27</subfield>
    <subfield code="c">GBV</subfield>
    <subfield code="d">d</subfield>
  </datafield>
  <datafield tag="924" ind1="1" ind2=" ">
    <subfield code="a">1713261251</subfield>
    <subfield code="b">DE-7</subfield>
    <subfield code="9">7</subfield>
    <subfield code="c">GBV</subfield>
    <subfield code="d">d</subfield>
  </datafield>
  <datafield tag="924" ind1="1" ind2=" ">
    <subfield code="a">1713274159</subfield>
    <subfield code="b">DE-705</subfield>
    <subfield code="9">705</subfield>
    <subfield code="c">GBV</subfield>
    <subfield code="d">d</subfield>
  </datafield>
  <datafield tag="924" ind1="1" ind2=" ">
    <subfield code="a">1713271818</subfield>
    <subfield code="b">DE-28</subfield>
    <subfield code="9">28</subfield>
    <subfield code="c">GBV</subfield>
    <subfield code="d">d</subfield>
  </datafield>
  <datafield tag="924" ind1="1" ind2=" ">
    <subfield code="a">1715311833</subfield>
    <subfield code="b">DE-Wim2</subfield>
    <subfield code="9">Wim 2</subfield>
    <subfield code="c">GBV</subfield>
    <subfield code="d">d</subfield>
    <subfield code="k">http://www.bibliothek.uni-regensburg.de/ezeit/?2905796&amp;bibid=UBBUW</subfield>
  </datafield>
  <datafield tag="924" ind1="1" ind2=" ">
    <subfield code="a">1713275031</subfield>
    <subfield code="b">DE-3</subfield>
    <subfield code="9">3</subfield>
    <subfield code="c">GBV</subfield>
    <subfield code="d">d</subfield>
  </datafield>
  <datafield tag="924" ind1="1" ind2=" ">
    <subfield code="a">1713267764</subfield>
    <subfield code="b">DE-9</subfield>
    <subfield code="9">9</subfield>
    <subfield code="c">GBV</subfield>
    <subfield code="d">d</subfield>
  </datafield>
  <datafield tag="924" ind1="1" ind2=" ">
    <subfield code="a">1713273152</subfield>
    <subfield code="b">DE-89</subfield>
    <subfield code="9">89</subfield>
    <subfield code="c">GBV</subfield>
    <subfield code="d">d</subfield>
  </datafield>
  <datafield tag="924" ind1="1" ind2=" ">
    <subfield code="a">1715355598</subfield>
    <subfield code="b">DE-35</subfield>
    <subfield code="9">35</subfield>
    <subfield code="c">GBV</subfield>
    <subfield code="d">d</subfield>
    <subfield code="k">http://www.bibliothek.uni-regensburg.de/ezeit/?2905796&amp;bibid=GWLB</subfield>
  </datafield>
  <datafield tag="924" ind1="1" ind2=" ">
    <subfield code="a">1713265168</subfield>
    <subfield code="b">DE-95</subfield>
    <subfield code="9">95</subfield>
    <subfield code="c">GBV</subfield>
    <subfield code="d">d</subfield>
  </datafield>
  <datafield tag="924" ind1="1" ind2=" ">
    <subfield code="a">1713257807</subfield>
    <subfield code="b">DE-542</subfield>
    <subfield code="9">542</subfield>
    <subfield code="c">GBV</subfield>
    <subfield code="d">d</subfield>
  </datafield>
  <datafield tag="924" ind1="1" ind2=" ">
    <subfield code="a">1751486737</subfield>
    <subfield code="b">DE-841</subfield>
    <subfield code="9">841</subfield>
    <subfield code="c">GBV</subfield>
    <subfield code="d">d</subfield>
  </datafield>
  <datafield tag="924" ind1="1" ind2=" ">
    <subfield code="a">1713269740</subfield>
    <subfield code="b">DE-Luen4</subfield>
    <subfield code="9">Luen 4</subfield>
    <subfield code="c">GBV</subfield>
    <subfield code="d">d</subfield>
  </datafield>
  <datafield tag="924" ind1="1" ind2=" ">
    <subfield code="a">1715374576</subfield>
    <subfield code="b">DE-Kt1</subfield>
    <subfield code="9">Kt 1</subfield>
    <subfield code="c">GBV</subfield>
    <subfield code="d">d</subfield>
    <subfield code="k">http://www.bibliothek.uni-regensburg.de/ezeit/?2905796&amp;bibid=HSB</subfield>
  </datafield>
  <datafield tag="924" ind1="1" ind2=" ">
    <subfield code="a">171533129X</subfield>
    <subfield code="b">DE-897</subfield>
    <subfield code="9">897</subfield>
    <subfield code="c">GBV</subfield>
    <subfield code="d">d</subfield>
    <subfield code="k">http://www.bibliothek.uni-regensburg.de/ezeit/?2905796&amp;bibid=FHWOE</subfield>
  </datafield>
  <datafield tag="924" ind1="1" ind2=" ">
    <subfield code="a">1715321383</subfield>
    <subfield code="b">DE-700</subfield>
    <subfield code="9">700</subfield>
    <subfield code="c">GBV</subfield>
    <subfield code="d">d</subfield>
    <subfield code="k">http://www.bibliothek.uni-regensburg.de/ezeit/?2905796&amp;bibid=UBOS</subfield>
  </datafield>
  <datafield tag="924" ind1="1" ind2=" ">
    <subfield code="a">1715384032</subfield>
    <subfield code="b">DE-Va1</subfield>
    <subfield code="9">Va 1</subfield>
    <subfield code="c">GBV</subfield>
    <subfield code="d">d</subfield>
    <subfield code="k">http://www.bibliothek.uni-regensburg.de/ezeit/?2905796&amp;bibid=UBVE</subfield>
  </datafield>
  <datafield tag="924" ind1="1" ind2=" ">
    <subfield code="a">1715345762</subfield>
    <subfield code="b">DE-959</subfield>
    <subfield code="9">n/a</subfield>
    <subfield code="c">GBV</subfield>
    <subfield code="d">d</subfield>
    <subfield code="k">http://www.bibliothek.uni-regensburg.de/ezeit/?2905796&amp;bibid=FHOS</subfield>
  </datafield>
  <datafield tag="924" ind1="1" ind2=" ">
    <subfield code="a">1715326466</subfield>
    <subfield code="b">DE-839</subfield>
    <subfield code="9">839</subfield>
    <subfield code="c">GBV</subfield>
    <subfield code="d">d</subfield>
    <subfield code="k">http://www.bibliothek.uni-regensburg.de/ezeit/?2905796&amp;bibid=FHWOE</subfield>
  </datafield>
  <datafield tag="924" ind1="1" ind2=" ">
    <subfield code="a">1715369807</subfield>
    <subfield code="b">DE-Fl3</subfield>
    <subfield code="9">Fl 3</subfield>
    <subfield code="c">GBV</subfield>
    <subfield code="d">d</subfield>
    <subfield code="k">http://www.bibliothek.uni-regensburg.de/ezeit/?2905796&amp;bibid=HDFL</subfield>
  </datafield>
  <datafield tag="924" ind1="1" ind2=" ">
    <subfield code="a">1715400143</subfield>
    <subfield code="b">DE-546</subfield>
    <subfield code="9">546</subfield>
    <subfield code="c">GBV</subfield>
    <subfield code="d">d</subfield>
    <subfield code="k">http://www.bibliothek.uni-regensburg.de/ezeit/?2905796&amp;bibid=FHEF</subfield>
  </datafield>
  <datafield tag="924" ind1="1" ind2=" ">
    <subfield code="a">1715340949</subfield>
    <subfield code="b">DE-755</subfield>
    <subfield code="9">755</subfield>
    <subfield code="c">GBV</subfield>
    <subfield code="d">d</subfield>
    <subfield code="k">http://www.bibliothek.uni-regensburg.de/ezeit/?2905796&amp;bibid=FHOOW</subfield>
  </datafield>
  <datafield tag="924" ind1="1" ind2=" ">
    <subfield code="a">1713256762</subfield>
    <subfield code="b">DE-960</subfield>
    <subfield code="9">960</subfield>
    <subfield code="c">GBV</subfield>
    <subfield code="d">d</subfield>
  </datafield>
  <datafield tag="924" ind1="1" ind2=" ">
    <subfield code="a">1715350545</subfield>
    <subfield code="b">DE-916</subfield>
    <subfield code="9">916</subfield>
    <subfield code="c">GBV</subfield>
    <subfield code="d">d</subfield>
    <subfield code="k">http://www.bibliothek.uni-regensburg.de/ezeit/?2905796&amp;bibid=FHWF</subfield>
  </datafield>
  <datafield tag="924" ind1="1" ind2=" ">
    <subfield code="a">1713260034</subfield>
    <subfield code="b">n/a</subfield>
    <subfield code="9">n/a</subfield>
    <subfield code="c">GBV</subfield>
    <subfield code="d">d</subfield>
  </datafield>
  <datafield tag="924" ind1="1" ind2=" ">
    <subfield code="a">1713263335</subfield>
    <subfield code="b">DE-Brg3</subfield>
    <subfield code="9">Brg 3</subfield>
    <subfield code="c">GBV</subfield>
    <subfield code="d">d</subfield>
  </datafield>
  <datafield tag="924" ind1="1" ind2=" ">
    <subfield code="a">1715379365</subfield>
    <subfield code="b">DE-Pn1</subfield>
    <subfield code="9">Pn 1</subfield>
    <subfield code="c">GBV</subfield>
    <subfield code="d">d</subfield>
    <subfield code="k">http://www.bibliothek.uni-regensburg.de/ezeit/?2905796&amp;bibid=MPIL</subfield>
  </datafield>
  <datafield tag="924" ind1="1" ind2=" ">
    <subfield code="a">1715360311</subfield>
    <subfield code="b">DE-551</subfield>
    <subfield code="9">551</subfield>
    <subfield code="c">GBV</subfield>
    <subfield code="d">d</subfield>
    <subfield code="k">http://www.bibliothek.uni-regensburg.de/ezeit/?2905796&amp;bibid=HBMST</subfield>
  </datafield>
  <datafield tag="924" ind1="1" ind2=" ">
    <subfield code="a">1715403738</subfield>
    <subfield code="b">DE-Ma54</subfield>
    <subfield code="9">Ma 54</subfield>
    <subfield code="c">GBV</subfield>
    <subfield code="d">d</subfield>
    <subfield code="k">http://www.bibliothek.uni-regensburg.de/ezeit/?2905796&amp;bibid=MPIDS</subfield>
  </datafield>
  <datafield tag="924" ind1="1" ind2=" ">
    <subfield code="a">1715365054</subfield>
    <subfield code="b">DE-552</subfield>
    <subfield code="9">552</subfield>
    <subfield code="c">GBV</subfield>
    <subfield code="d">d</subfield>
    <subfield code="k">http://www.bibliothek.uni-regensburg.de/ezeit/?2905796&amp;bibid=HBMST</subfield>
  </datafield>
  <datafield tag="924" ind1="1" ind2=" ">
    <subfield code="a">1715390628</subfield>
    <subfield code="b">DE-J126</subfield>
    <subfield code="9">J 126</subfield>
    <subfield code="c">GBV</subfield>
    <subfield code="d">d</subfield>
    <subfield code="k">http://www.bibliothek.uni-regensburg.de/ezeit/?2905796&amp;bibid=ICE</subfield>
  </datafield>
  <datafield tag="924" ind1="1" ind2=" ">
    <subfield code="a">1807404927</subfield>
    <subfield code="b">n/a</subfield>
    <subfield code="9">n/a</subfield>
    <subfield code="c">GBV</subfield>
    <subfield code="d">d</subfield>
    <subfield code="h">BFR</subfield>
    <subfield code="k">http://www.bibliothek.uni-regensburg.de/ezeit/?2905796&amp;bibid=BGVV</subfield>
  </datafield>
  <datafield tag="924" ind1="1" ind2=" ">
    <subfield code="a">1715336127</subfield>
    <subfield code="b">DE-897-1</subfield>
    <subfield code="9">897/1</subfield>
    <subfield code="c">GBV</subfield>
    <subfield code="d">d</subfield>
    <subfield code="k">http://www.bibliothek.uni-regensburg.de/ezeit/?2905796&amp;bibid=FHWOE</subfield>
  </datafield>
  <datafield tag="924" ind1="1" ind2=" ">
    <subfield code="a">1713270935</subfield>
    <subfield code="b">DE-517</subfield>
    <subfield code="9">517</subfield>
    <subfield code="c">GBV</subfield>
    <subfield code="h">1960</subfield>
  </datafield>
  <datafield tag="924" ind1="1" ind2=" ">
    <subfield code="a">1713256770</subfield>
    <subfield code="b">DE-960-3</subfield>
    <subfield code="9">960/3</subfield>
    <subfield code="c">GBV</subfield>
    <subfield code="d">d</subfield>
  </datafield>
  <datafield tag="924" ind1="1" ind2=" ">
    <subfield code="a">1713259389</subfield>
    <subfield code="b">DE-1373</subfield>
    <subfield code="9">1373</subfield>
    <subfield code="c">GBV</subfield>
    <subfield code="d">d</subfield>
  </datafield>
  <datafield tag="924" ind1="1" ind2=" ">
    <subfield code="a">1713258668</subfield>
    <subfield code="b">DE-Gt1</subfield>
    <subfield code="9">Gt 1</subfield>
    <subfield code="c">GBV</subfield>
    <subfield code="d">d</subfield>
  </datafield>
  <datafield tag="951" ind1=" " ind2=" ">
    <subfield code="a">JT</subfield>
  </datafield>
</record>