
<?xml version="1.0" encoding="UTF-8"?>
<record xmlns="http://www.loc.gov/MARC21/slim">
  <leader>     cab a22        4500</leader>
  <controlfield tag="001">1676510699</controlfield>
  <controlfield tag="003">DE-627</controlfield>
  <controlfield tag="005">20200302062015.0</controlfield>
  <controlfield tag="007">cr uuu---uuuuu</controlfield>
  <controlfield tag="008">190911s2019    xx |||||o     00| ||eng c</controlfield>
  <datafield tag="024" ind1="7" ind2=" ">
    <subfield code="a">11159/3408</subfield>
    <subfield code="2">hdl</subfield>
  </datafield>
  <datafield tag="035" ind1=" " ind2=" ">
    <subfield code="a">(DE-627)1676510699</subfield>
  </datafield>
  <datafield tag="035" ind1=" " ind2=" ">
    <subfield code="a">(DE-599)KXP1676510699</subfield>
  </datafield>
  <datafield tag="040" ind1=" " ind2=" ">
    <subfield code="a">DE-627</subfield>
    <subfield code="b">ger</subfield>
    <subfield code="c">DE-627</subfield>
    <subfield code="e">rda</subfield>
  </datafield>
  <datafield tag="041" ind1=" " ind2=" ">
    <subfield code="a">eng</subfield>
  </datafield>
  <datafield tag="100" ind1="1" ind2=" ">
    <subfield code="a">Kavenuke, Romed</subfield>
    <subfield code="e">VerfasserIn</subfield>
    <subfield code="4">aut</subfield>
  </datafield>
  <datafield tag="245" ind1="1" ind2="4">
    <subfield code="a">The influence of network configurations in enhancing SMEs&apos; competitiveness</subfield>
    <subfield code="b">evidences from building materials retailers in Tanzania</subfield>
    <subfield code="c">Romed Kavenuke, Lucy Mboma and Ulingeta Mbamba</subfield>
  </datafield>
  <datafield tag="264" ind1=" " ind2="1">
    <subfield code="c">2019</subfield>
  </datafield>
  <datafield tag="336" ind1=" " ind2=" ">
    <subfield code="a">Text</subfield>
    <subfield code="b">txt</subfield>
    <subfield code="2">rdacontent</subfield>
  </datafield>
  <datafield tag="337" ind1=" " ind2=" ">
    <subfield code="a">Computermedien</subfield>
    <subfield code="b">c</subfield>
    <subfield code="2">rdamedia</subfield>
  </datafield>
  <datafield tag="338" ind1=" " ind2=" ">
    <subfield code="a">Online-Ressource</subfield>
    <subfield code="b">cr</subfield>
    <subfield code="2">rdacarrier</subfield>
  </datafield>
  <datafield tag="700" ind1="1" ind2=" ">
    <subfield code="a">Mboma, Lucy</subfield>
    <subfield code="e">VerfasserIn</subfield>
    <subfield code="4">aut</subfield>
  </datafield>
  <datafield tag="700" ind1="1" ind2=" ">
    <subfield code="a">Mbamba, Ulingeta</subfield>
    <subfield code="e">VerfasserIn</subfield>
    <subfield code="4">aut</subfield>
  </datafield>
  <datafield tag="773" ind1="0" ind2="8">
    <subfield code="i">Enthalten in</subfield>
    <subfield code="t">Business management review</subfield>
    <subfield code="d">Dar es Salaam : University of Dar es Salaam Business School, 2007</subfield>
    <subfield code="g">22(2019), 2, Seite 87-99</subfield>
    <subfield code="h">Online-Ressource</subfield>
    <subfield code="w">(DE-627)898111358</subfield>
    <subfield code="w">(DE-600)2905796-6</subfield>
    <subfield code="w">(DE-576)493563148</subfield>
    <subfield code="x">2546-213X</subfield>
  </datafield>
  <datafield tag="856" ind1="4" ind2="0">
    <subfield code="u">http://journals.udsm.ac.tz/index.php/bmr/article/view/2864/28774950</subfield>
    <subfield code="x">Verlag</subfield>
    <subfield code="z">OpenAccess Lizenz (Creative Commons License)</subfield>
    <subfield code="3">Volltext</subfield>
  </datafield>
  <datafield tag="856" ind1="4" ind2="0">
    <subfield code="u">http://journals.udsm.ac.tz/index.php/bmr/article/download/2864/2877</subfield>
    <subfield code="x">Verlag</subfield>
    <subfield code="z">OpenAccess Lizenz (Creative Commons License)</subfield>
    <subfield code="3">Volltext</subfield>
  </datafield>
  <datafield tag="856" ind1="4" ind2="0">
    <subfield code="u">http://hdl.handle.net/11159/3408</subfield>
    <subfield code="x">Resolving-System</subfield>
    <subfield code="z">OpenAccess Lizenz (Creative Commons License)</subfield>
  </datafield>
  <datafield tag="856" ind1="4" ind2="2">
    <subfield code="u">https://creativecommons.org/licenses/by/4.0/</subfield>
    <subfield code="x">Verlag</subfield>
    <subfield code="y">Terms of use</subfield>
  </datafield>
  <datafield tag="924" ind1="1" ind2=" ">
    <subfield code="a">3514548277</subfield>
    <subfield code="b">DE-206</subfield>
    <subfield code="9">206</subfield>
    <subfield code="c">GBV</subfield>
  </datafield>
  <datafield tag="936" ind1="u" ind2="w">
    <subfield code="d">22</subfield>
    <subfield code="j">2019</subfield>
    <subfield code="e">2</subfield>
    <subfield code="h">87-99</subfield>
  </datafield>
  <datafield tag="950" ind1="l" ind2=" ">
    <subfield code="a">Network configuration</subfield>
    <subfield code="a">Building Materials</subfield>
    <subfield code="a">Organizational Performance</subfield>
    <subfield code="a">enabling environment and competitiveness</subfield>
    <subfield code="2">26</subfield>
  </datafield>
  <datafield tag="951" ind1=" " ind2=" ">
    <subfield code="a">AR</subfield>
  </datafield>
</record>